@INPROCEEDINGS{Viola01,
author={Viola, P. and Jones, M.},
booktitle={Computer Vision and Pattern Recognition, 2001. CVPR 2001. Proceedings of the 2001 IEEE Computer Society Conference on}, title={Rapid object detection using a boosted cascade of simple features},
year={2001},
month={},
volume={1},
number={},
pages={ I-511 - I-518 vol.1},
keywords={Detectors;Face detection;Filters;Focusing;Image representation;Machine learning;Object detection;Pixel;Robustness;Skin; feature extraction; image classification; image representation; learning (artificial intelligence); object detection; AdaBoost; background regions; boosted simple feature cascade; classifiers; face detection; image processing; image representation; integral image; machine learning; object specific focus-of-attention mechanism; rapid object detection; real-time applications; statistical guarantees; visual object detection;},
doi={10.1109/CVPR.2001.990517},
ISSN={1063-6919},}

@INPROCEEDINGS{Segen,
author={Segen, J. and Kumar, S.},
booktitle={Image Processing, 1998. ICIP 98. Proceedings. 1998 International Conference on},  title={Human-computer interaction using gesture recognition and 3D hand
tracking}, 
year={1998},
month={oct},
volume={},
number={},
pages={188 -192 vol.3},
keywords={3D hand tracking;60 Hz;azimuth angle;cameras;computer games;degrees of freedom;elevation angle;gesture recognition;graphical editors;hand tracking;human-computer interaction;multi-dimensional input-interface;pointing finger;pose estimation;positional coordinates;real time system;region extraction;terrain navigation software;thumb;user independent system;cameras;computer games;feature extraction;gesture recognition;man-machine systems;parameter estimation;tracking;},
doi={10.1109/ICIP.1998.727164},
ISSN={},}<br>

@article{Goodrich,
 author = {Goodrich, Michael A. and Schultz, Alan C.},
 title = {Human-robot interaction: a survey},
 journal = {Found. Trends Hum.-Comput. Interact.},
 issue_date = {February 2007},
 volume = {1},
 number = {3},
 month = jan,
 year = {2007},
 issn = {1551-3955},
 pages = {203--275},
 numpages = {73},
 url = {http://dx.doi.org/10.1561/1100000005},
 doi = {10.1561/1100000005},
 acmid = {1348100},
 publisher = {Now Publishers Inc.},
 address = {Hanover, MA, USA},
}
@INPROCEEDINGS{Chen,
author={Qing Chen and Georganas, N.D. and Petriu, E.M.},
booktitle={Instrumentation and Measurement Technology Conference Proceedings, 2007. IMTC 2007. IEEE},  title={Real-time Vision-based Hand Gesture Recognition Using Haar-like Features},
year={2007},
month={may},
volume={},
number={},
pages={1 -6},
keywords={AdaBoost learning algorithm;Haar-like feature;context-free grammar-based syntactic analysis;hand gesture classification;linguistic hand gesture recognition;posture recognition;real-time vision-based hand gesture recognition;computer vision;context-free grammars;gesture recognition;},
doi={10.1109/IMTC.2007.379068},
ISSN={1091-5281},}

@INPROCEEDINGS{Segen,
author={Segen, J. and Kumar, S.},
booktitle={Image Processing, 1998. ICIP 98. Proceedings. 1998 International Conference on},  title={Human-computer interaction using gesture recognition and 3D hand
tracking},
year={1998},
month={oct},
volume={},
number={},
pages={188 -192 vol.3},
keywords={3D hand tracking;60 Hz;azimuth angle;cameras;computer games;degrees of freedom;elevation angle;gesture recognition;graphical editors;hand tracking;human-computer interaction;multi-dimensional input-interface;pointing finger;pose estimation;positional coordinates;real time system;region extraction;terrain navigation software;thumb;user independent system;cameras;computer games;feature extraction;gesture recognition;man-machine systems;parameter estimation;tracking;},
doi={10.1109/ICIP.1998.727164},
ISSN={},}

@inproceedings{Bradski98,
    author = {Bradski, G.R.},
    title = {Computer Vision Face Tracking for Use in a Perceptual User Interface},
    booktitle = {Intel},
    year = {1998},
    bibsource = {http://www.visionbib.com/bibliography/people911.html#TT90944}
}
